@article{art:crimeprediction,
	author = "G.A. Alves, Luiz and V. Ribeiro, Haroldo and A. Rodrigues, Francisco",
	title = "Crime prediction through urban metrics and statistical
	learning",
	journal = "Physica A: Statistical Mechanics and its Applications",
	volume = "505",
	pages = "435--443"
	year = "2018",
	publisher = "Elsevier"
}

@article{art:crimeprediction2,
	author = "Reza Keyvanpour, Mohammad and Javideh, Mostafa and Reza Ebrahimi, Mohammad",
	year = "2011",
	month = "12",
	pages = "872-880",
	title = "Detecting and investigating crime by means of data mining: A general crime matching framework",
	volume = "3",
	booktitle = "Procedia CS"
}

@article{art:agilemanifesto,
	author = "Fowler, Martin and Highsmith, Jim",
	title = "The agile manifesto",
	journal = "Software Development",
	volume = "9",
	pages = "28--35"
	year = "2001",
	publisher = "Miller Freeman"
}

@book{book:flask,
	author = "Grinberg, Miguel",
	title = "Flask Web Development: Developing Web Applications with Python",
	year = "2014",
	isbn = "1449372627, 978-1449372620",
	publisher = "O'Reilly Media"
}

@book{book:scrum,
	author = "Menzinsky, Alexander and López, Gertrudis and Palacio, Juan",
	title = "Scrum Manager",
	year = "2016",
	publisher = "Scrum Manager"
}

@book{book:masteringpython,
	author = "van Hattem, Rick",
	title = "Mastering Python",
	year = "2016",
	publisher = "Packt Publishing"
}

@book{book:pythondatascience,
	author = "Boschetti, Alberto and Massaron, Luca",
	title = "Python Data Science Essentials",
	year = "2015",
	publisher = "Packt Publishing"
}

@book{book:umldistilled,
	author = "Fowler, Martin",
	title = "UML Distilled",
	year = "1997",
	publisher = "Addison-Wesley Professional"
}

@misc{misc:datospublicos,
	author = "Comisión Económica para América Latina y el Caribe",
	title = "¿Qué son los Datos Abiertos?",
	howpublished = "\url{https://biblioguias.cepal.org/EstadoAbierto/datospublicos}",
	note = "[Internet; descargado 16-mayo-2018]"
}

@misc{misc:iniciativaaporta,
	author = "Iniciativa Aporta",
	title = "Acerca de la iniciativa Aporta",
	howpublished = "\url{http://datos.gob.es/es/acerca-de-la-iniciativa-aporta}",
	note = "[Internet; descargado 16-mayo-2018]"
}

@misc{misc:webscraping,
	author = "Globus Soft",
	title = "An Introduction to Web Scraping",
	howpublished = "\url{https://globussoft.com/an-introduction-to-web-scraping/}",
	month = "julio",
	year = "2014",
	note = "[Internet; descargado 16-mayo-2018]"
}

@misc{misc:mongodb,
	author = "MongoDB",
	title = "What is MongoDB?",
	howpublished = "\url{https://www.mongodb.com/what-is-mongodb}",
	note = "[Internet; descargado 22-abril-2018]"
}

@misc{misc:foliumcluster,
	author = "Folium",
	title = "MarkerCluster -- Folium",
	howpublished = "\url{http://nbviewer.jupyter.org/github/python-visualization/folium/blob/master/examples/MarkerCluster.ipynb}",
	note = "[Internet; descargado 06-mayo-2018]"
}

@misc{misc:codacygithub,
	author = "GitHub",
	title = "GitHub Marketplace -- Codacy",
	howpublished = "\url{https://github.com/marketplace/codacy}",
	note = "[Internet; descargado 16-mayo-2018]"
}

@misc{misc:codacycertificado,
	author = "Codacy",
	title = "Project Certification -- Code DashBoard -- Codacy",
	howpublished = "\url{https://support.codacy.com/hc/en-us/articles/207993995-Code-Dashboard#2-project-certification}",
	note = "[Internet; descargado 16-mayo-2018]"
}

@misc{misc:devops,
	author = "Ruiz Cristina, José",
	title = "Qué es DevOps (y sobre todo qué no es DevOps)",
	howpublished = "\url{https://www.paradigmadigital.com/techbiz/que-es-devops-y-sobre-todo-que-no-es-devops/}",
	note = "[Internet; descargado 14-mayo-2018]"
}

@misc{misc:zenhubestimate,
	author = "ZenHub",
	title = "Estimate work using story points",
	howpublished = "\url{https://www.zenhub.com/guides/what-are-software-estimates}",
	note = "[Internet; descargado 16-mayo-2018]"
}

@misc{misc:plantillalatex,
	author = "ubutfgm",
	title = "Plantilla Latex",
	howpublished = "\url{https://github.com/ubutfgm/plantillaLatex}",
	note = "[Internet; descargado 20-mayo-2018]"
}

@misc{misc:informationserviceengineering,
	author = "Sack, Harald and Koutraki, Maria",
	title = "Information Service Engineering",
	howpublished = "\url{https://open.hpi.de/courses/semanticweb2017}",
	note = "[Internet; descargado 25-mayo-2018]"
}

@misc{wiki:nosql,
	author = "Wikipedia",
	title = "NoSQL --- Wikipedia{,} La enciclopedia libre",
	howpublished = "\url{https://en.wikipedia.org/w/index.php?title=NoSQL&oldid=836191884}",
	month = "abril",
	year = "2018",
	note = "[Internet; descargado 23-abril-2018]"
}

@misc{wiki:webscraping,
	author = "Wikipedia",
	title = "Web scraping --- Wikipedia{,} La enciclopedia libre",
	howpublished = "\url{https://en.wikipedia.org/w/index.php?title=Web_scraping&oldid=836897411}",
	month = "abril",
	year = "2018",
	note = "[Internet; descargado 23-abril-2018]"
}

@misc{wiki:mapascoropleticos,
	author = "Wikipedia",
	title = "Choropleth map --- Wikipedia{,} La enciclopedia libre",
	howpublished = "\url{https://en.wikipedia.org/w/index.php?title=Choropleth_map&oldid=832756109}",
	month = "marzo",
	year = "2018",
	note = "[Internet; descargado 23-abril-2018]"
}

@misc{wiki:r2,
	author = "Wikipedia",
	title = "Coeficiente de determinación --- Wikipedia{,} La enciclopedia libre",
	howpublished = "\url{https://es.wikipedia.org/w/index.php?title=Coeficiente_de_determinaci%C3%B3n&oldid=108114609}",
	month = "mayo",
	year = "2018",
	note = "[Internet; descargado 26-mayo-2018]"
}

@misc{wiki:latexwikibooks,
	author = "Wikibooks",
	title = "LaTeX --- Wikipedia{,} La enciclopedia libre",
	howpublished = "\url{https://en.wikibooks.org/w/index.php?title=LaTeX&oldid=3425262}",
	month = "mayo",
	year = "2018",
	note = "[Internet; descargado 16-mayo-2018]"
}

@misc{wiki:latex,
	author = "Wikibooks",
	title = "LaTeX --- Wikibooks{,} Open books for an open world",
	howpublished = "\url{https://es.wikipedia.org/w/index.php?title=LaTeX&oldid=107741266}",
	month = "mayo",
	year = "2018",
	note = "[Internet; descargado 16-mayo-2018]"
}

@misc{docs:pymongo,
	author = "MongoDB",
	title = "PyMongo 3.6.1 Documentation",
	howpublished = "\url{https://api.mongodb.com/python/3.6.1/}",
	note = "[Internet; descargado 22-abril-2018]"
}

@misc{docs:folium,
	author = "MongoDB",
	title = "Folium Documentation",
	howpublished = "\url{http://python-visualization.github.io/folium/}",
	note = "[Internet; descargado 06-mayo-2018]"
}

@misc{docs:leaflet,
	author = "LeafletJS",
	title = "Documentation - Leaflet",
	howpublished = "\url{https://leafletjs.com/reference-1.3.0.html}",
	note = "[Internet; descargado 06-mayo-2018]"
}

@misc{docs:dynatable,
	author = "Dynatable",
	title = "Dynatable.js - jQuery plugin for HTML5+JSON interactive tables and more",
	howpublished = "\url{https://www.dynatable.com/}",
	note = "[Internet; descargado 06-mayo-2018]"
}

@misc{docs:geojson,
	author = "LeafletJS",
	title = "Using GeoJSON with Leaflet",
	howpublished = "\url{https://leafletjs.com/examples/geojson/}",
	note = "[Internet; descargado 06-mayo-2018]"
}

@misc{docs:digitalocean,
	author = "DigitalOcean",
	title = "Product Documentation",
	howpublished = "\url{https://www.digitalocean.com/community/tags/product-documentation/tutorials}",
	note = "[Internet; descargado 22-abril-2018]"
}

@misc{docs:nanobox,
	author = "Nanobox",
	title = "Nanobox Documentation",
	howpublished = "\url{https://docs.nanobox.io/}",
	note = "[Internet; descargado 22-abril-2018]"
}

@misc{art:pymongo,
	author = "Bordiú, Cristóbal",
	title = "Cómo funcionan las MongoDB Injection",
	howpublished = "\url{http://blog.elevenpaths.com/2014/10/como-funcionan-las-mongodb-injection.html}",
	month = "octubre",
	year = "2014",
	note = "[Internet; descargado 22-abril-2018]"
}

@misc{art:mapaparo,
	author = "Pérez, Roberto",
	title = "Cómo funcionan las MongoDB Injection",
	howpublished = "\url{http://www.abc.es/economia/abci-mapa-paro-espana-peores-y-mejores-provincias-para-encontrar-trabajo-201710261116_noticia.html}",
	month = "octubre",
	year = "2017",
	note = "[Internet; descargado 22-abril-2018]"
}

@misc{art:chinabigdata,
	author = "Leng, Sidney",
	title = "In China, big data is watching you … and that could be a huge ‘challenge to the West’ -- South China Morning Post",
	howpublished = "\url{http://www.scmp.com/news/china/policies-politics/article/2129897/china-big-data-watching-you-and-could-be-huge-challenge}",
	month = "enero",
	year = "2018",
	note = "[Internet; descargado 22-mayo-2018]"
}

@misc{movie:minorityreport,
	title = "Minority Report",
	howpublished = "Dir. Steven Spielberg. Amblin Entertainment, DreamWorks, 20th Century Fox",
	year = "2002"
}