@misc{misc:cotizacion,
	author = "Seguridad Social",
	title = "Seguridad Social: Bases y tipos de cotización 2018",
	howpublished = "\url{http://www.seg-social.es/Internet_1/Trabajadores/CotizacionRecaudaci10777/Basesytiposdecotiza36537/index.htm#36538}",
	year = 2018,
	note = "[Internet; descargado 14-mayo-2018]"
}

@misc{misc:versioneye,
	author = "VersionEye",
	title = "VersionEye TFG-Datos-publicos Dependencies",
	howpublished = "\url{https://www.versioneye.com/user/projects/5ad84cd30fb24f5450e020ce#tab-dependencies}",
	month = "mayo",
	year = 2018,
	note = "[Internet; descargado 14-mayo-2018]"
}

@misc{misc:lgpl,
	author = "GNU",
	title = "GNU Lesser General Public License",
	howpublished = "\url{https://www.gnu.org/licenses/lgpl-3.0.en.html}",
	month = "junio",
	year = 2007,
	note = "[Internet; descargado 14-mayo-2018]"
}

@misc{misc:gnu3,
	author = "GNU",
	title = "GNU General Public License",
	howpublished = "\url{https://www.gnu.org/licenses/gpl-3.0.en.html}",
	month = "junio",
	year = 2007,
	note = "[Internet; descargado 14-mayo-2018]"
}

@misc{misc:mongodb,
	author = "MongoDB",
	title = "MongoDB Download Center",
	howpublished = "\url{https://www.mongodb.com/download-center?jmp=nav#community}",
	month = "abril",
	year = 2018,
	note = "[Internet; descargado 29-abril-2018]"
}

@misc{misc:python3,
	author = "Python",
	title = "Python 3.6.4",
	howpublished = "\url{https://www.python.org/downloads/release/python-364/}",
	month = "diciembre",
	year = 2017,
	note = "[Internet; descargado 29-abril-2018]"
}

@misc{misc:retribuciontutores,
	author = "Universidad de Burgos",
	title = "Retribuciones según II convenio de PDI laboral año 2017",
	howpublished = "\url{http://www.ubu.es/sites/default/files/portal_page/files/pdi_laboral_2017_2.pdf}",
	month = "agosto",
	year = 2017,
	note = "[Internet; descargado 18-mayo-2018]"
}

@misc{wiki:pip,
	author = "PyPa",
	title = "Installation - pip 10.0.1",
	howpublished = "\url{https://pip.pypa.io/en/stable/installing/}",
	month = "abril",
	year = 2018,
	note = "[Internet; descargado 29-abril-2018]"
}

@misc{wiki:freemium,
	author = "Wikipedia",
	title = "Freemium --- Wikipedia{,} La enciclopedia libre",
	howpublished = "\url{https://es.wikipedia.org/w/index.php?title=Freemium&oldid=106331717}",
	month = "marzo",
	year = "2018",
	note = "[Internet; descargado 16-mayo-2018]"
}
